@STRING{AMS 	= "Amer.\ Meteor.\ Soc."}
@STRING{AGU 	= "Amer.\ Geophys.\ Union"}
@STRING{AIP 	= "Amer. Inst. Phys."}
@STRING{ADGEO     = "Adv.\ Geosci."}
@STRING{AFM       = "Agric.\ For.\ Meteor."}
@STRING{AM        = "Ann.\ Meteor."}
@STRING{AN        = "Astrophys.\ Norv."}		% Astrophysica Norvegica
@STRING{AO        = "Atmos.--Ocean"}			% Atmosphere--Ocean, published by Canadian Meteorological Society (CMOS)
@STRING{AR        = "Atmos.\ Res."}			% Atmospheric Research
@STRING{ARFM      = "Annu.\ Rev.\ Fluid Mech."}
@STRING{AUMET     = "Aust.\ Meteor.\ Mag."}
@STRING{BAMS      = "Bull.\ Amer.\ Meteor.\ Soc."}
@STRING{CAP       = "Contrib.\ Atmos.\ Phys."}
@STRING{CC        = "Climate Change"}      % Climate Change 
@STRING{CCH       = "Climatic Change"}			% Climatic Change
@STRING{CDYN      = "Climate Dyn."}
@STRING{CHAOS     = "Chaos"}
@STRING{COL       = "Collier's"}
@STRING{CRS       = "Cont.\ Shelf Res."}
@STRING{DAO       = "Dyn.\ Atmos.\ Oceans"}
@STRING{ECO       = "Ecology"}
@STRING{EI        = "Earth Interact."}
@STRING{GA        = "Geophysica"}			% Geophysica, published by Geophysical Society of Finland 
@STRING{GEOMAG    = "Geophys.\ Mag."}
@STRING{GN        = "Geophys.\ Norv."}			% Geophysica Norvegica
@STRING{GRL       = "Geophys.\ Res.\ Lett."}
@STRING{GEOINT    = "Geofis.\ Int."}			% Geofisica Internacional (Mexican journal -- vols. 3--5 contained proceedings from a hurricane conference
@STRING{GEOPUB    = "Geofys.\ Publ."}
@STRING{GPC       = "Global Planet.\ Change"}
@STRING{HP        = "Health Phys."}
@STRING{IAOP      = "Izv.\ Atmos.\ Ocean.\ Phys.\ (Engl.\ Transl.)"}
@STRING{IJC       = "Int.\ J.\ Climatol."}
@STRING{JAM       = "J.\ Appl.\ Meteor."}		% renamed to name below in 2006
@STRING{JAMC      = "J.\ Appl.\ Meteor.\ Climatol."}  	% Journal of Applied Meteorology and Climatology (this journal used to be called the Journal of Applied Meteorology before 2006)
@STRING{JAS       = "J.\ Atmos.\ Sci."}
@STRING{JAOT      = "J.\ Atmos.\ Oceanic Technol."}
@STRING{JCAM      = "J.\ Climate Appl.\ Meteor."}	% from 1983--87, now JAMC
@STRING{JCLI      = "J.\ Climate"}
@STRING{JCR       = "J.\ Coastal Res."}
@STRING{JFM       = "J.\ Fluid\ Mech."}
@STRING{JEM       = "J.\ Eng.\ Math."}			% Journal of Engineering Mathematics
@STRING{JGR       = "J.\ Geophys.\ Res."}
@STRING{JHM       = "J.\ Hydrometeor."}
@STRING{JMS       = "J.\ Mar.\ Syst."}
@STRING{JM        = "J.\ Meteor."}
@STRING{JMR       = "J.\ Mar.\ Res."}
@STRING{JMSJ      = "J.\ Meteor.\ Soc.\ Japan"}
@STRING{JPO       = "J.\ Phys.\ Oceanogr."}
@STRING{JOCEAN    = "J.\ Oceanogr."}			% Journal of Oceanography
@STRING{JOSJ      = "J.\ Oceanogr.\ Soc.\ Japan"}
@STRING{JSE       = "J.\ Struct.\ Eng."}	% Journal of Structural Engineering at ASCE
@STRING{JTM       = "J.\ Tropical Meteor."}
@STRING{JWEIA     = "J.\ Wind Eng.\ Ind.\ Aerodyn."}
@STRING{MA        = "Meteor.\ Appl."}
@STRING{MAP       = "Meteor.\ Atmos.\ Phys."}
@STRING{METMON    = "Meteor.\ Monogr."}
@STRING{METZEIT   = "Meteor.\ Z."}
@STRING{MWL       = "Mar.\ Wea.\ Log"}
@STRING{MWR       = "Mon.\ Wea.\ Rev."}
@STRING{NAT       = "Nature"}
@STRING{NHR       = "Nat.\ Hazards Rev."}
@STRING{NWD       = "Natl.\ Weather Dig."}
@STRING{OA        = "Oceanol. Aeta"}
@STRING{OM        = "Ocean Modelling"}
@STRING{OCEAN     = "Oceanography"}                	% a quarterly journal of The Oceanography Society
@STRING{PAG       = "Pure Appl.\ Geophys."}
@STRING{PF        = "Phys.\ Fluids"}
@STRING{PHYSD     = "Physica D"}
@STRING{PMG       = "Pap.\ Meteor.\ Geophys."}	% Papers in Meteorology and Geophysics
@STRING{PNAS      = "Proc.\ Natl.\ Acad.\ Sci.\ (USA)"}
@STRING{PRE       = "Phys.\ Rev.\ E"}
@STRING{PRSA      = "Proc.\ Roy.\ Soc."}
@STRING{PT        = "Phys.\ Today"}
@STRING{PTRS      = "Philos.\ Trans.\ Roy.\ Soc.\ London"}
@STRING{QJRMS     = "Quart.\ J.\ Roy.\ Meteor.\ Soc."}
@STRING{RGEO      = "Rev. Geophys."}
@STRING{SCI       = "Science"}
@STRING{SOLA      = "SOLA"}				% Scientific Online Letters on the Atmosphere
@STRING{TAGU      = "Eos, Trans.\ Amer.\ Geophys.\ Union"}
@STRING{TELLUS    = "Tellus"}
@STRING{TCFD      = "Theor.\ Comput.\ Fluid Dyn."}
@STRING{WEA       = "Weather"}
@STRING{WW        = "Weatherwise"}
@STRING{WF        = "Wea.\ Forecasting"}
@STRING{WMOB      = "WMO Bull."}

	%author = "J. Schoonover and W. Dewar and N. Wiender and J. Gula and J. McWilliams and J. Molemaker and S. Bates and G. Danabasoglu and S. Yeager",
	%title = "North Atlantic Barotropic Vorticity Balances in Numerical Models",
	%journal= JPO,
	%volume = " ",
	%year = "2015",
	%pages = "a--b"
	
	
% //////////////////////////// Shallow Water Equations SEM /////////////////////////////////////////////
@article{Taylor1997,
	author = "M. Taylor and J. Tribbia and M. Iskandarani",
	title = "The Spectral Element Method for the Shallow Water Equations on the Sphere",
	journal= JCP,
	volume = "130",
	year = "1997",
	pages = "92--108",
}

@article{Iskandarani1995,
	author = "M. Iskandarani and D.B. Haidvogel and J.P. Boyd",
	title = "A Staggered Spectral Element Model with Application to the Oceanic Shallow Water Equations",
	journal= "International Journal For Numerical Methods in Fluids",
	volume = "20",
	year = "1995",
	pages = "393--414",
}

% //////////////////////////////////////////////////////////////////////////////////////////////////////	

@article{Kopriva2006,
	author = "D.A. Kopriva",
	title = "Metric Identities and the Discontinuous Galerkin Spectral Element Method on Curvilinear Meshes",
	journal= "Journal of Scientific Computing",
	volume = "26-3",
	year = "2006",
	pages = "301--327",
}

@article{Mellor1993,
	author = "G.L. Mellor and T. Ezer and L.Y. Oey",
	title = "The pressure gradient conundrum of sigma coordinate ocean models",
	journal= JAOT,
	volume = "11",
	year = "1993",
	pages = "1126--1134",
}
@article{Toulopoulos2011,
	author = "I. Toulopooulus and J.A. Ekaterinaris",
	title = "Artificial boundary conditions for the numerical solution of the Euler equations by the discontinuous galerkin method",
	journal= "J. Comp. Phys.",
	volume = "230",
	year = "2011",
	pages = "5974--5995",
}
@article{Sanders2002,
	author = "B. Sanders",
	title = "Non-reflecting boundary flux function for finite volume shallow-water models",
	journal= "Adv. in Water Resources",
	volume = "25",
	year = "2002",
	pages = "195--202",
}

@book{Kopriva2009,
	author = "D. Kopriva",
	title = "Implementing spectral methods for partial differential equations",
	publisher= "Springer",
	volume = "33",
	year = "2009",
}
@manual{KoprivaSpecMesh,
   title = {SpecMesh User Manual},
   author = {{D.A. Kopriva}},
   organization = {Department of Mathematics, The Florida State University},
   year = {2014},
}
@manual{Blender,
   title = {Blender - a 3D modelling and rendering package},
   author = {{Blender Online Community}},
   organization = {Blender Foundation},
   address = {Blender Institute, Amsterdam},
   year = {2015},
   url = {http://www.blender.org},
}

@article{Beckmann_Haidvogel1993,
	author = {A. Beckmann and D. Haidvogel},
	title = {Numerical simulation of flow around a tall isolated seamount, Part {I} : Problem formulation and model accuracy},
	journal=JPO,
	volume = 23,
	year = {1993},
	pages = {1736--1753},
}

@article{Jackson2006,
	author = {L. Jackson and C. Hughes and R. Williams},
	title = {Topographic control of basin and channel flows : The role of bottom pressure torques and friction},
	journal=JPO,
	volume = 36,
	year = {2006},
	pages = {1786--1805},
}
@article{Lemarie2012,
	author = {F. Lemari\'e and J. Kurian and A. Shchepetkin and J. Molemaker and F. Colas and J. McWilliams},
	title = {Are there inescapable issues prohibiting the use of terrain-following coordinates in climate models?},
	journal=OM,
	volume = 42,
	year = {2012},
	pages = {57--79},
}

@article{Shchepetkin2005,
	author = {A. Shchepetkin and J. McWilliams},
	title = {The {Regional Ocean Modeling System (ROMS) : A} split-explicit, free-surface, topography-following-coordinate ocean model},
	journal=OM,
	volume = 9,
	year = {2005},
	pages = {347--404},
}
